@misc{COM/2017/0490,
  author={{European Commission}},
  title={COM/2017/0490 List of critical materials for the EU},
  year={2017},
  note={\newline\url{http://eur-lex.europa.eu/legal-content/EN/ALL/?uri=COM:2017:0490:FIN}}}

@misc{CE,
  author={{European Commission}},
  title={COM/2015/614 final - Closing the loop - An EU action plan for the Circular Economy},
  year={2015},
  note={\newline\url{http://eur-lex.europa.eu/resource.html?uri=cellar:8a8ef5e8-99a0-11e5-b3b7-01aa75ed71a1.0012.02/DOC_1&format=PDF}}}


@misc{CEcrm,
  author={{European Commission}},
  title={Report on Critical Raw Materials and the Circular Economy - Commission Staff Working Document SWD(2018) 36 fina},
  year={2018},
  note={\newline\url{http://ec.europa.eu/docsroom/documents/27348}}}

@misc{ustma,
  author={{US tire manufacturers association}},
  title={2015 US scrap tire management summary},
  year={2015},
  note={\newline\url{https://www.ustires.org/system/files/scraptire_summ_2015_05_2017_Final_USTMA.pdf}}}
  
  @misc{etrma,
  author={{European tyre and rubber manufacturers' association}},
  title={End of life tyres: A valuable resource with growing potential (2011 edition)},
  year={2011},
  note={\newline\url{http://www.etrma.org/uploads/Modules/Documentsmanager/brochure-elt-2011-final.pdf}}}
  
  @article{Deetman2018,
author = {Deetman, Sebastiaan and van Oers, Lauran and van der Voet, Ester and Tukker, Arnold},
doi = {10.1111/jiec.12533},
issn = {10881980},
journal = {Journal of Industrial Ecology},
mendeley-groups = {MFA},
month = {feb},
number = {1},
pages = {166--179},
title = {{Deriving European Tantalum Flows Using Trade and Production Statistics}},
url = {http://doi.wiley.com/10.1111/jiec.12533},
volume = {22},
year = {2018}
}


@techreport{nederland2050,
     title = {A circular economy in the Netherlands by 2050},
     author = {Tobias Wolters},
     year = {2017},
     institution = {Ministerie van Economische Zaken}
}